%% This BibTeX bibliography file was created using BibDesk.
%% http://bibdesk.sourceforge.net/


%% Created for Amelia McNamara at 2017-07-12 15:32:42 -0400 


%% Saved with string encoding Unicode (UTF-8) 



@article{LowBes2017,
	Author = {Julia Stewart Lowndes and Benjamin D Best and Courtney Scarborough and Jamie C Afflerbach and Melanie R Frazier and Casey C O'Hara and Ning Jiang and Benjamin S Halpern},
	Date-Added = {2017-07-12 19:30:51 +0000},
	Date-Modified = {2017-07-12 19:32:23 +0000},
	Journal = {Nature Ecology \& Evolution},
	Title = {Our path to better science in less time using open data science tools},
	Volume = {1},
	Year = {2017}}

@misc{Wic2016b,
	Author = {Hadley Wickham},
	Date-Added = {2017-01-09 19:13:24 +0000},
	Date-Modified = {2017-01-09 19:45:52 +0000},
	Howpublished = {\url{https://cran.r-project.org/web/packages/tidyverse/vignettes/manifesto.html}},
	Month = {September},
	Title = {The tidy tools manifesto},
	Year = {2016}}

@manual{readr,
	Author = {Hadley Wickham and Jim Hester and Romain Francois},
	Note = {R package version 1.1.0},
	Title = {readr: Read Rectangular Text Data},
	Url = {https://CRAN.R-project.org/package=readr},
	Year = {2017},
	Bdsk-Url-1 = {https://CRAN.R-project.org/package=readr}}

@manual{Wic2016,
	Author = {Hadley Wickham},
	Date-Added = {2017-01-09 19:13:05 +0000},
	Date-Modified = {2017-04-22 19:49:16 +0000},
	Note = {R package version 0.2.0},
	Title = {{forcats: Tools for Working with Categorical Variables (Factors)}},
	Url = {https://CRAN.R-project.org/package=forcats},
	Year = {2017},
	Bdsk-Url-1 = {https://CRAN.R-project.org/package=forcats}}

@techreport{FitzPen2014,
	Author = {Rich {FitzJohn} and Matt Pennell and Amy Zanne and Will Cornwell},
	Date-Added = {2017-01-03 17:14:04 +0000},
	Date-Modified = {2017-01-03 17:14:04 +0000},
	Howpublished = {\url{https://ropensci.org/blog/2014/06/09/reproducibility/}},
	Institution = {{rOpenSci}},
	Title = {Reproducible research is still a challenge},
	Year = {2014}}

@inproceedings{HerMur2015,
	Author = {Felienne Hermans and Emerson Murphy-Hill},
	Booktitle = {ICSE},
	Date-Added = {2017-01-03 17:12:30 +0000},
	Date-Modified = {2017-01-03 17:12:30 +0000},
	Title = {Enron's spreadsheets and related emails: A dataset and analysis},
	Year = {2015},
	Bdsk-File-1 = {YnBsaXN0MDDUAQIDBAUGJCVYJHZlcnNpb25YJG9iamVjdHNZJGFyY2hpdmVyVCR0b3ASAAGGoKgHCBMUFRYaIVUkbnVsbNMJCgsMDxJXTlMua2V5c1pOUy5vYmplY3RzViRjbGFzc6INDoACgAOiEBGABIAFgAdccmVsYXRpdmVQYXRoWWFsaWFzRGF0YV8QJS4uLy4uL0Ryb3Bib3gvQXJ0aWNsZXMvSGVyTXVyMjAxNS5wZGbSFwsYGVdOUy5kYXRhTxEBkAAAAAABkAACAAAMTWFjaW50b3NoIEhEAAAAAAAAAAAAAAAAAAAAzDDaskgrAAACk/G3Dkhlck11cjIwMTUucGRmAAAAAAAAAAAAAAAAAAAAAAAAAAAAAAAAAAAAAAAAAAAAAAAAAAAAAAAAAAAAAAAAAAKT8+/RjQRWAAAAAAAAAAAAAgADAAAJIAAAAAAAAAAAAAAAAAAAAAhBcnRpY2xlcwAQAAgAAMwxEvIAAAARAAgAANGNPJYAAAABABACk/G3AAoLZwAGgqgAAg35AAIAPU1hY2ludG9zaCBIRDpVc2VyczoAYW1lbGlhOgBEcm9wYm94OgBBcnRpY2xlczoASGVyTXVyMjAxNS5wZGYAAA4AHgAOAEgAZQByAE0AdQByADIAMAAxADUALgBwAGQAZgAPABoADABNAGEAYwBpAG4AdABvAHMAaAAgAEgARAASACxVc2Vycy9hbWVsaWEvRHJvcGJveC9BcnRpY2xlcy9IZXJNdXIyMDE1LnBkZgATAAEvAAAVAAIADf//AACABtIbHB0eWiRjbGFzc25hbWVYJGNsYXNzZXNdTlNNdXRhYmxlRGF0YaMdHyBWTlNEYXRhWE5TT2JqZWN00hscIiNcTlNEaWN0aW9uYXJ5oiIgXxAPTlNLZXllZEFyY2hpdmVy0SYnVHJvb3SAAQAIABEAGgAjAC0AMgA3AEAARgBNAFUAYABnAGoAbABuAHEAcwB1AHcAhACOALYAuwDDAlcCWQJeAmkCcgKAAoQCiwKUApkCpgKpArsCvgLDAAAAAAAAAgEAAAAAAAAAKAAAAAAAAAAAAAAAAAAAAsU=}}

@misc{rethinkdrink,
	Author = {{NIAAA}},
	Howpublished = {\url{http://rethinkingdrinking.niaaa.nih.gov/How-much-is-too-much/Is-your-drinking-pattern-risky/Whats-Low-Risk-Drinking.aspx}},
	Title = {Retinking drinking: What's `low-risk' drinking?},
	Year = {2016}}

@article{same:lars:hort:2003,
	Author = {J H Samet and M J Larson and N J Horton and K Doyle and M Winter and R Saitz},
	Journal = {Addiction},
	Number = 4,
	Pages = {509-516},
	Title = {Linking Alcohol and Drug Dependent Adults to Primary Medical Care: {A} Randomized Controlled Trial of a Multidisciplinary Health Intervention in a Detoxification Unit},
	Volume = 98,
	Year = 2003}

@misc{GSS2016b,
	Author = {{NORC at the University of Chicago}},
	Date-Added = {2016-09-13 17:46:48 +0000},
	Date-Modified = {2016-09-13 19:27:37 +0000},
	Howpublished = {\url{https://gssdataexplorer.norc.org/}},
	Title = {{GSS} Data Explorer},
	Year = {2016}}

@misc{WilBry2016,
	Author = {Greg Wilson and Jennifer Bryan and Karen Cranston and Justin Kitzes and Lex Nederbragt and Tracy K Teal},
	Date-Added = {2016-09-09 20:59:18 +0000},
	Date-Modified = {2016-09-13 19:27:32 +0000},
	Howpublished = {\url{https://swcarpentry.github.io/good-enough-practices-in-scientific-computing/}},
	Title = {Good enough practices for scientific computing},
	Year = {2016}}

@misc{Lee2016,
	Author = {Jeff Leek},
	Date-Added = {2016-09-09 20:57:37 +0000},
	Date-Modified = {2016-09-09 20:58:20 +0000},
	Howpublished = {\url{https://github.com/jtleek/datasharing}},
	Month = {January},
	Title = {How to share data with a statistician},
	Year = {2016}}

@misc{GSS2016,
	Author = {Tom W Smith and Peter Mardsen and Michael Hout and Jibum Kim},
	Date-Added = {2016-09-09 20:42:28 +0000},
	Date-Modified = {2016-09-09 20:43:49 +0000},
	Organization = {The Roper Center for Public Opinion Research, University of Connecticut [distributor]},
	Title = {General Social Surveys, 1972-2014 [machine-readable data file]},
	Year = {2015}}

@unpublished{Bro2015,
	Author = {Karl Broman},
	Date-Added = {2016-08-20 00:14:58 +0000},
	Date-Modified = {2016-08-20 00:14:58 +0000},
	Note = {\url{http://kbroman.org/steps2rr/}},
	Title = {Initial steps toward reproducible research},
	Year = {2015}}

@article{Wic2014,
	Abstract = {A huge amount of effort is spent cleaning data to get it ready for analysis, but there
has been little research on how to make data cleaning as easy and effective as possible.
This paper tackles a small, but important, component of data cleaning: data tidying.
Tidy datasets are easy to manipulate, model and visualize, and have a specific structure:
each variable is a column, each observation is a row, and each type of observational unit
is a table. This framework makes it easy to tidy messy datasets because only a small
set of tools are needed to deal with a wide range of un-tidy datasets. This structure
also makes it easier to develop tidy tools for data analysis, tools that both input and
output tidy datasets. The advantages of a consistent data structure and matching tools
are demonstrated with a case study free from mundane data manipulation chores.},
	Author = {Hadley Wickham},
	Date-Added = {2016-08-17 19:52:14 +0000},
	Date-Modified = {2016-08-17 19:52:19 +0000},
	Journal = {Journal of Statistical Software},
	Number = {10},
	Title = {Tidy data},
	Volume = {59},
	Year = {2014},
	Bdsk-File-1 = {YnBsaXN0MDDUAQIDBAUGJCVYJHZlcnNpb25YJG9iamVjdHNZJGFyY2hpdmVyVCR0b3ASAAGGoKgHCBMUFRYaIVUkbnVsbNMJCgsMDxJXTlMua2V5c1pOUy5vYmplY3RzViRjbGFzc6INDoACgAOiEBGABIAFgAdccmVsYXRpdmVQYXRoWWFsaWFzRGF0YV8QIi4uLy4uL0Ryb3Bib3gvQXJ0aWNsZXMvV2ljMjAxNC5wZGbSFwsYGVdOUy5kYXRhTxEBhAAAAAABhAACAAAMTWFjaW50b3NoIEhEAAAAAAAAAAAAAAAAAAAAzDDaskgrAAACk/G3C1dpYzIwMTQucGRmAAAAAAAAAAAAAAAAAAAAAAAAAAAAAAAAAAAAAAAAAAAAAAAAAAAAAAAAAAAAAAAAAAAAAAKT8u7ROIiLAAAAAAAAAAAAAgADAAAJIAAAAAAAAAAAAAAAAAAAAAhBcnRpY2xlcwAQAAgAAMwxEvIAAAARAAgAANE4wMsAAAABABACk/G3AAoLZwAGgqgAAg35AAIAOk1hY2ludG9zaCBIRDpVc2VyczoAYW1lbGlhOgBEcm9wYm94OgBBcnRpY2xlczoAV2ljMjAxNC5wZGYADgAYAAsAVwBpAGMAMgAwADEANAAuAHAAZABmAA8AGgAMAE0AYQBjAGkAbgB0AG8AcwBoACAASABEABIAKVVzZXJzL2FtZWxpYS9Ecm9wYm94L0FydGljbGVzL1dpYzIwMTQucGRmAAATAAEvAAAVAAIADf//AACABtIbHB0eWiRjbGFzc25hbWVYJGNsYXNzZXNdTlNNdXRhYmxlRGF0YaMdHyBWTlNEYXRhWE5TT2JqZWN00hscIiNcTlNEaWN0aW9uYXJ5oiIgXxAPTlNLZXllZEFyY2hpdmVy0SYnVHJvb3SAAQAIABEAGgAjAC0AMgA3AEAARgBNAFUAYABnAGoAbABuAHEAcwB1AHcAhACOALMAuADAAkgCSgJPAloCYwJxAnUCfAKFAooClwKaAqwCrwK0AAAAAAAAAgEAAAAAAAAAKAAAAAAAAAAAAAAAAAAAArY=}}

@misc{Bry2014b,
	Author = {Jenny Bryan},
	Date-Added = {2016-06-14 19:34:39 +0000},
	Date-Modified = {2017-05-10 20:29:20 +0000},
	Howpublished = {\url{http://stat545.com/block014_factors.html}},
	Title = {Be the boss of your factors},
	Year = {2014}}

@misc{Bry2014,
	Author = {Jenny Bryan},
	Date-Added = {2016-06-14 19:31:08 +0000},
	Date-Modified = {2017-05-10 20:29:26 +0000},
	Howpublished = {\url{http://stat545.com/block026_file-out-in.html}},
	Title = {Getting data in and out of {R}},
	Year = {2014}}

@misc{Lum2015,
	Author = {Thomas Lumley},
	Date-Added = {2016-06-14 19:29:03 +0000},
	Date-Modified = {2017-07-12 19:29:46 +0000},
	Howpublished = {\url{http://notstatschat.tumblr.com/post/124987394001/stringsasfactors-sigh}},
	Month = {July},
	Title = {{stringsAsFactors = \textless sigh \textgreater}},
	Year = {2015}}

@misc{Pen2015,
	Author = {Roger D Peng},
	Date-Added = {2016-06-14 19:16:23 +0000},
	Date-Modified = {2016-06-14 19:17:12 +0000},
	Howpublished = {\url{http://simplystatistics.org/2015/07/24/stringsasfactors-an-unauthorized-biography/}},
	Month = {July},
	Title = {{stringsAsFactors}: An unauthorized biography},
	Year = {2015}}

@inproceedings{HorBau2014,
	Author = {Nicholas Horton and Ben Baumer and Hadley Wickham},
	Booktitle = {{ICOTS-9}},
	Date-Added = {2016-06-14 19:15:34 +0000},
	Date-Modified = {2016-06-14 19:15:34 +0000},
	Title = {Teaching precursors to data science in introductory and second courses in statistics},
	Year = {2014},
	Bdsk-File-1 = {YnBsaXN0MDDUAQIDBAUGJCVYJHZlcnNpb25YJG9iamVjdHNZJGFyY2hpdmVyVCR0b3ASAAGGoKgHCBMUFRYaIVUkbnVsbNMJCgsMDxJXTlMua2V5c1pOUy5vYmplY3RzViRjbGFzc6INDoACgAOiEBGABIAFgAdccmVsYXRpdmVQYXRoWWFsaWFzRGF0YV8QJS4uLy4uL0Ryb3Bib3gvQXJ0aWNsZXMvSG9yQmF1MjAxNC5wZGbSFwsYGVdOUy5kYXRhTxEBkAAAAAABkAACAAAMTWFjaW50b3NoIEhEAAAAAAAAAAAAAAAAAAAAzDDaskgrAAACk/G3DkhvckJhdTIwMTQucGRmAAAAAAAAAAAAAAAAAAAAAAAAAAAAAAAAAAAAAAAAAAAAAAAAAAAAAAAAAAAAAAAAAAKT9BnRdB/MAAAAAAAAAAAAAgADAAAJIAAAAAAAAAAAAAAAAAAAAAhBcnRpY2xlcwAQAAgAAMwxEvIAAAARAAgAANF0WAwAAAABABACk/G3AAoLZwAGgqgAAg35AAIAPU1hY2ludG9zaCBIRDpVc2VyczoAYW1lbGlhOgBEcm9wYm94OgBBcnRpY2xlczoASG9yQmF1MjAxNC5wZGYAAA4AHgAOAEgAbwByAEIAYQB1ADIAMAAxADQALgBwAGQAZgAPABoADABNAGEAYwBpAG4AdABvAHMAaAAgAEgARAASACxVc2Vycy9hbWVsaWEvRHJvcGJveC9BcnRpY2xlcy9Ib3JCYXUyMDE0LnBkZgATAAEvAAAVAAIADf//AACABtIbHB0eWiRjbGFzc25hbWVYJGNsYXNzZXNdTlNNdXRhYmxlRGF0YaMdHyBWTlNEYXRhWE5TT2JqZWN00hscIiNcTlNEaWN0aW9uYXJ5oiIgXxAPTlNLZXllZEFyY2hpdmVy0SYnVHJvb3SAAQAIABEAGgAjAC0AMgA3AEAARgBNAFUAYABnAGoAbABuAHEAcwB1AHcAhACOALYAuwDDAlcCWQJeAmkCcgKAAoQCiwKUApkCpgKpArsCvgLDAAAAAAAAAgEAAAAAAAAAKAAAAAAAAAAAAAAAAAAAAsU=}}

@manual{PruKap2015,
	Author = {Randall Pruim and Daniel Kaplan and Nicholas Horton},
	Date-Added = {2016-06-14 19:15:08 +0000},
	Date-Modified = {2016-06-14 19:15:08 +0000},
	Organization = {R package version 0.9.2-2},
	Title = {{mosaic}: Project {MOSAIC} (mosaic-web.org) statistics and mathematics teaching utilities},
	Url = {http://CRAN.R-project.org/package=mosaic},
	Year = {2015},
	Bdsk-Url-1 = {http://CRAN.R-project.org/package=mosaic}}

@book{HorPru2014,
	Author = {Nicholas Horton and Randall Pruim and Daniel Kaplan},
	Date-Added = {2016-06-14 19:14:57 +0000},
	Date-Modified = {2016-06-14 19:14:57 +0000},
	Publisher = {Project {MOSAIC}},
	Title = {A compendium of commands to teach statistics with {R}},
	Year = {2014}}

@book{PruHor2014,
	Author = {Randall Pruim and Nicholas Horton and Daniel Kaplan},
	Date-Added = {2016-06-14 19:14:55 +0000},
	Date-Modified = {2016-06-14 19:14:55 +0000},
	Publisher = {Project {MOSAIC}},
	Title = {Start teaching with {R}},
	Year = {2014}}

@article{Kap2007,
	Author = {Daniel Kaplan},
	Date-Added = {2016-06-14 19:14:52 +0000},
	Date-Modified = {2016-06-23 23:03:04 +0000},
	Journal = {Technology Innovations in Statistics Education},
	Number = {1},
	Title = {Computing and introductory statistics},
	Volume = {1},
	Year = {2007},
	Bdsk-File-1 = {YnBsaXN0MDDUAQIDBAUGJCVYJHZlcnNpb25YJG9iamVjdHNZJGFyY2hpdmVyVCR0b3ASAAGGoKgHCBMUFRYaIVUkbnVsbNMJCgsMDxJXTlMua2V5c1pOUy5vYmplY3RzViRjbGFzc6INDoACgAOiEBGABIAFgAdccmVsYXRpdmVQYXRoWWFsaWFzRGF0YV8QIi4uLy4uL0Ryb3Bib3gvQXJ0aWNsZXMvS2FwMjAwNy5wZGbSFwsYGVdOUy5kYXRhTxEBhAAAAAABhAACAAAMTWFjaW50b3NoIEhEAAAAAAAAAAAAAAAAAAAAzDDaskgrAAACk/G3C0thcDIwMDcucGRmAAAAAAAAAAAAAAAAAAAAAAAAAAAAAAAAAAAAAAAAAAAAAAAAAAAAAAAAAAAAAAAAAAAAAAKT8kvNnYeZAAAAAAAAAAAAAgADAAAJIAAAAAAAAAAAAAAAAAAAAAhBcnRpY2xlcwAQAAgAAMwxEvIAAAARAAgAAM2dv9kAAAABABACk/G3AAoLZwAGgqgAAg35AAIAOk1hY2ludG9zaCBIRDpVc2VyczoAYW1lbGlhOgBEcm9wYm94OgBBcnRpY2xlczoAS2FwMjAwNy5wZGYADgAYAAsASwBhAHAAMgAwADAANwAuAHAAZABmAA8AGgAMAE0AYQBjAGkAbgB0AG8AcwBoACAASABEABIAKVVzZXJzL2FtZWxpYS9Ecm9wYm94L0FydGljbGVzL0thcDIwMDcucGRmAAATAAEvAAAVAAIADf//AACABtIbHB0eWiRjbGFzc25hbWVYJGNsYXNzZXNdTlNNdXRhYmxlRGF0YaMdHyBWTlNEYXRhWE5TT2JqZWN00hscIiNcTlNEaWN0aW9uYXJ5oiIgXxAPTlNLZXllZEFyY2hpdmVy0SYnVHJvb3SAAQAIABEAGgAjAC0AMgA3AEAARgBNAFUAYABnAGoAbABuAHEAcwB1AHcAhACOALMAuADAAkgCSgJPAloCYwJxAnUCfAKFAooClwKaAqwCrwK0AAAAAAAAAgEAAAAAAAAAKAAAAAAAAAAAAAAAAAAAArY=}}

@article{HamRub2004,
	Author = {James K Hammerman and Andee Rubin},
	Date-Added = {2016-06-14 19:13:15 +0000},
	Date-Modified = {2016-06-23 23:02:44 +0000},
	Journal = {Statistics Education Research Journal},
	Keywords = {statistics, education, technology, representations, software tools, variability, proportional reasoning, group comparison, covariation, binning},
	Month = {November},
	Number = {2},
	Pages = {12-41},
	Title = {Strategies for managing statistical complexity with new software tools},
	Volume = {3},
	Year = {2004},
	Bdsk-File-1 = {YnBsaXN0MDDUAQIDBAUGJCVYJHZlcnNpb25YJG9iamVjdHNZJGFyY2hpdmVyVCR0b3ASAAGGoKgHCBMUFRYaIVUkbnVsbNMJCgsMDxJXTlMua2V5c1pOUy5vYmplY3RzViRjbGFzc6INDoACgAOiEBGABIAFgAdccmVsYXRpdmVQYXRoWWFsaWFzRGF0YV8QJS4uLy4uL0Ryb3Bib3gvQXJ0aWNsZXMvSGFtUnViMjAwNC5wZGbSFwsYGVdOUy5kYXRhTxEBkAAAAAABkAACAAAMTWFjaW50b3NoIEhEAAAAAAAAAAAAAAAAAAAAzDDaskgrAAACk/G3DkhhbVJ1YjIwMDQucGRmAAAAAAAAAAAAAAAAAAAAAAAAAAAAAAAAAAAAAAAAAAAAAAAAAAAAAAAAAAAAAAAAAAKT89fK2ggXAAAAAAAAAAAAAgADAAAJIAAAAAAAAAAAAAAAAAAAAAhBcnRpY2xlcwAQAAgAAMwxEvIAAAARAAgAAMraQFcAAAABABACk/G3AAoLZwAGgqgAAg35AAIAPU1hY2ludG9zaCBIRDpVc2VyczoAYW1lbGlhOgBEcm9wYm94OgBBcnRpY2xlczoASGFtUnViMjAwNC5wZGYAAA4AHgAOAEgAYQBtAFIAdQBiADIAMAAwADQALgBwAGQAZgAPABoADABNAGEAYwBpAG4AdABvAHMAaAAgAEgARAASACxVc2Vycy9hbWVsaWEvRHJvcGJveC9BcnRpY2xlcy9IYW1SdWIyMDA0LnBkZgATAAEvAAAVAAIADf//AACABtIbHB0eWiRjbGFzc25hbWVYJGNsYXNzZXNdTlNNdXRhYmxlRGF0YaMdHyBWTlNEYXRhWE5TT2JqZWN00hscIiNcTlNEaWN0aW9uYXJ5oiIgXxAPTlNLZXllZEFyY2hpdmVy0SYnVHJvb3SAAQAIABEAGgAjAC0AMgA3AEAARgBNAFUAYABnAGoAbABuAHEAcwB1AHcAhACOALYAuwDDAlcCWQJeAmkCcgKAAoQCiwKUApkCpgKpArsCvgLDAAAAAAAAAgEAAAAAAAAAKAAAAAAAAAAAAAAAAAAAAsU=}}

@article{Fri1995,
	Abstract = {A dynamic conceptual model for categorical data is described that likens observations to gas molecules in a pressure chamber. In this physical model frequency corresponds to pressure, and fitting a statistical model by maximum likelihood corresponds to minimizing energy or balancing of forces. The model provides neat explanations of many results for categorical data, extends readily to multiway tables, and provides a rationale for the graphic representation of counts by area or visual density.},
	Author = {Michael Friendly},
	Date-Added = {2016-06-14 19:11:57 +0000},
	Date-Modified = {2016-06-14 19:11:57 +0000},
	Journal = {The {A}merican Statistician},
	Number = {2},
	Pages = {153-160},
	Title = {Conceptual and visual models for categorical data},
	Volume = {49},
	Year = {1995},
	Bdsk-File-1 = {YnBsaXN0MDDUAQIDBAUGJCVYJHZlcnNpb25YJG9iamVjdHNZJGFyY2hpdmVyVCR0b3ASAAGGoKgHCBMUFRYaIVUkbnVsbNMJCgsMDxJXTlMua2V5c1pOUy5vYmplY3RzViRjbGFzc6INDoACgAOiEBGABIAFgAdccmVsYXRpdmVQYXRoWWFsaWFzRGF0YV8QIi4uLy4uL0Ryb3Bib3gvQXJ0aWNsZXMvRnJpMTk5NS5wZGbSFwsYGVdOUy5kYXRhTxEBhAAAAAABhAACAAAMTWFjaW50b3NoIEhEAAAAAAAAAAAAAAAAAAAAzDDaskgrAAACk/G3C0ZyaTE5OTUucGRmAAAAAAAAAAAAAAAAAAAAAAAAAAAAAAAAAAAAAAAAAAAAAAAAAAAAAAAAAAAAAAAAAAAAAAKT8g3Ngh5NAAAAAAAAAAAAAgADAAAJIAAAAAAAAAAAAAAAAAAAAAhBcnRpY2xlcwAQAAgAAMwxEvIAAAARAAgAAM2CVo0AAAABABACk/G3AAoLZwAGgqgAAg35AAIAOk1hY2ludG9zaCBIRDpVc2VyczoAYW1lbGlhOgBEcm9wYm94OgBBcnRpY2xlczoARnJpMTk5NS5wZGYADgAYAAsARgByAGkAMQA5ADkANQAuAHAAZABmAA8AGgAMAE0AYQBjAGkAbgB0AG8AcwBoACAASABEABIAKVVzZXJzL2FtZWxpYS9Ecm9wYm94L0FydGljbGVzL0ZyaTE5OTUucGRmAAATAAEvAAAVAAIADf//AACABtIbHB0eWiRjbGFzc25hbWVYJGNsYXNzZXNdTlNNdXRhYmxlRGF0YaMdHyBWTlNEYXRhWE5TT2JqZWN00hscIiNcTlNEaWN0aW9uYXJ5oiIgXxAPTlNLZXllZEFyY2hpdmVy0SYnVHJvb3SAAQAIABEAGgAjAC0AMgA3AEAARgBNAFUAYABnAGoAbABuAHEAcwB1AHcAhACOALMAuADAAkgCSgJPAloCYwJxAnUCfAKFAooClwKaAqwCrwK0AAAAAAAAAgEAAAAAAAAAKAAAAAAAAAAAAAAAAAAAArY=}}

@article{EmeGreSch2013,
	Abstract = {This article develops a generalization of the scatterplot matrix based on the recognition that most datasets include both categorical and quantitative information. Traditional grids of scatterplots often obscure important features of the data when one or more variables are categorical but coded as numerical. The generalized pairs plot offers a range of displays of paired combinations of categorical and quantitative variables. A mosaic plot, fluctuation diagram, or faceted bar chart may be used to display two categorical variables. A side-by-side boxplot, stripplot, faceted histogram, or density plot helps visualize a categorical and a quantitative variable. A traditional scatterplot is suitable for displaying a pair of numerical variables, but options also support density contours or annotating summary statistics such as the correlation and number of missing values, for example. By combining these, the generalized pairs plot may help to reveal structure in multivariate data that otherwise might go unnoticed in the process of exploratory data analysis. Two different R packages provide implementations of the generalized pairs plot, gpairs and GGally. Supplementary materials for this article are available online on the journal web site.},
	Author = {John W Emerson and Walton A Green and Barret Schloerke and Jason Crowley and Dianne Cook and Heike Hofmann and Hadley Wickham},
	Date-Added = {2016-06-14 19:10:19 +0000},
	Date-Modified = {2016-06-14 19:15:53 +0000},
	Journal = {Journal of Computational and Graphical Statistics},
	Title = {The generalized pairs plot},
	Year = {2013},
	Bdsk-File-1 = {YnBsaXN0MDDUAQIDBAUGJCVYJHZlcnNpb25YJG9iamVjdHNZJGFyY2hpdmVyVCR0b3ASAAGGoKgHCBMUFRYaIVUkbnVsbNMJCgsMDxJXTlMua2V5c1pOUy5vYmplY3RzViRjbGFzc6INDoACgAOiEBGABIAFgAdccmVsYXRpdmVQYXRoWWFsaWFzRGF0YV8QKC4uLy4uL0Ryb3Bib3gvQXJ0aWNsZXMvRW1lR3JlU2NoMjAxMy5wZGbSFwsYGVdOUy5kYXRhTxEBnAAAAAABnAACAAAMTWFjaW50b3NoIEhEAAAAAAAAAAAAAAAAAAAAzDDaskgrAAACk/G3EUVtZUdyZVNjaDIwMTMucGRmAAAAAAAAAAAAAAAAAAAAAAAAAAAAAAAAAAAAAAAAAAAAAAAAAAAAAAAAAAAAAAKT9jjO/IoRAAAAAAAAAAAAAgADAAAJIAAAAAAAAAAAAAAAAAAAAAhBcnRpY2xlcwAQAAgAAMwxEvIAAAARAAgAAM780GEAAAABABACk/G3AAoLZwAGgqgAAg35AAIAQE1hY2ludG9zaCBIRDpVc2VyczoAYW1lbGlhOgBEcm9wYm94OgBBcnRpY2xlczoARW1lR3JlU2NoMjAxMy5wZGYADgAkABEARQBtAGUARwByAGUAUwBjAGgAMgAwADEAMwAuAHAAZABmAA8AGgAMAE0AYQBjAGkAbgB0AG8AcwBoACAASABEABIAL1VzZXJzL2FtZWxpYS9Ecm9wYm94L0FydGljbGVzL0VtZUdyZVNjaDIwMTMucGRmAAATAAEvAAAVAAIADf//AACABtIbHB0eWiRjbGFzc25hbWVYJGNsYXNzZXNdTlNNdXRhYmxlRGF0YaMdHyBWTlNEYXRhWE5TT2JqZWN00hscIiNcTlNEaWN0aW9uYXJ5oiIgXxAPTlNLZXllZEFyY2hpdmVy0SYnVHJvb3SAAQAIABEAGgAjAC0AMgA3AEAARgBNAFUAYABnAGoAbABuAHEAcwB1AHcAhACOALkAvgDGAmYCaAJtAngCgQKPApMCmgKjAqgCtQK4AsoCzQLSAAAAAAAAAgEAAAAAAAAAKAAAAAAAAAAAAAAAAAAAAtQ=}}

@techreport{WatFitz2010,
	Author = {Watson, Jane and Noleine Fitzallen},
	Date-Added = {2016-06-14 19:09:44 +0000},
	Date-Modified = {2016-06-23 23:02:53 +0000},
	Institution = {New South Wales Department of Education and Training},
	Keywords = {mathematics, education, statistics,},
	Local-Url = {file://localhost/Users/amelia/Dropbox/Dissertation/Articles/WatFitz2010.pdf},
	Rating = {5},
	Title = {The Development of Graph Understanding in the Mathematics Curriculum},
	Year = {2010},
	Bdsk-File-1 = {YnBsaXN0MDDUAQIDBAUGJCVYJHZlcnNpb25YJG9iamVjdHNZJGFyY2hpdmVyVCR0b3ASAAGGoKgHCBMUFRYaIVUkbnVsbNMJCgsMDxJXTlMua2V5c1pOUy5vYmplY3RzViRjbGFzc6INDoACgAOiEBGABIAFgAdccmVsYXRpdmVQYXRoWWFsaWFzRGF0YV8QJi4uLy4uL0Ryb3Bib3gvQXJ0aWNsZXMvV2F0Rml0ejIwMTAucGRm0hcLGBlXTlMuZGF0YU8RAZQAAAAAAZQAAgAADE1hY2ludG9zaCBIRAAAAAAAAAAAAAAAAAAAAMww2rJIKwAAApPxtw9XYXRGaXR6MjAxMC5wZGYAAAAAAAAAAAAAAAAAAAAAAAAAAAAAAAAAAAAAAAAAAAAAAAAAAAAAAAAAAAAAAAACk/XKysIS+AAAAAAAAAAAAAIAAwAACSAAAAAAAAAAAAAAAAAAAAAIQXJ0aWNsZXMAEAAIAADMMRLyAAAAEQAIAADKwks4AAAAAQAQApPxtwAKC2cABoKoAAIN+QACAD5NYWNpbnRvc2ggSEQ6VXNlcnM6AGFtZWxpYToARHJvcGJveDoAQXJ0aWNsZXM6AFdhdEZpdHoyMDEwLnBkZgAOACAADwBXAGEAdABGAGkAdAB6ADIAMAAxADAALgBwAGQAZgAPABoADABNAGEAYwBpAG4AdABvAHMAaAAgAEgARAASAC1Vc2Vycy9hbWVsaWEvRHJvcGJveC9BcnRpY2xlcy9XYXRGaXR6MjAxMC5wZGYAABMAAS8AABUAAgAN//8AAIAG0hscHR5aJGNsYXNzbmFtZVgkY2xhc3Nlc11OU011dGFibGVEYXRhox0fIFZOU0RhdGFYTlNPYmplY3TSGxwiI1xOU0RpY3Rpb25hcnmiIiBfEA9OU0tleWVkQXJjaGl2ZXLRJidUcm9vdIABAAgAEQAaACMALQAyADcAQABGAE0AVQBgAGcAagBsAG4AcQBzAHUAdwCEAI4AtwC8AMQCXAJeAmMCbgJ3AoUCiQKQApkCngKrAq4CwALDAsgAAAAAAAACAQAAAAAAAAAoAAAAAAAAAAAAAAAAAAACyg==}}
